%YAML 1.1
%TAG !u! tag:unity3d.com,2011:
--- !u!1 &7551043500559858113
GameObject:
  m_ObjectHideFlags: 0
  m_CorrespondingSourceObject: {fileID: 0}
  m_PrefabInstance: {fileID: 0}
  m_PrefabAsset: {fileID: 0}
  serializedVersion: 6
  m_Component:
  - component: {fileID: 4817455121312455283}
  m_Layer: 0
  m_Name: Indice2
  m_TagString: Untagged
  m_Icon: {fileID: 0}
  m_NavMeshLayer: 0
  m_StaticEditorFlags: 0
  m_IsActive: 1
--- !u!4 &4817455121312455283
Transform:
  m_ObjectHideFlags: 0
  m_CorrespondingSourceObject: {fileID: 0}
  m_PrefabInstance: {fileID: 0}
  m_PrefabAsset: {fileID: 0}
  m_GameObject: {fileID: 7551043500559858113}
  m_LocalRotation: {x: 0, y: 0, z: 0, w: 1}
  m_LocalPosition: {x: 4.6703124, y: 0.9770627, z: -2.9247322}
  m_LocalScale: {x: 1, y: 1, z: 1}
  m_ConstrainProportionsScale: 0
  m_Children:
  - {fileID: 7163899620821125761}
  - {fileID: 7163899620362269430}
  - {fileID: 3134497295332741252}
  - {fileID: 3134497295301637835}
  - {fileID: 3134497294162897849}
  - {fileID: 3134497294167191121}
  - {fileID: 7163899621066742983}
  m_Father: {fileID: 0}
  m_RootOrder: 3
  m_LocalEulerAnglesHint: {x: 0, y: 0, z: 0}
--- !u!1001 &5534731385936658563
PrefabInstance:
  m_ObjectHideFlags: 0
  serializedVersion: 2
  m_Modification:
    serializedVersion: 2
    m_TransformParent: {fileID: 4817455121312455283}
    m_Modifications:
    - target: {fileID: 5903077446598597825, guid: a7c47093368ff664898d4485dc30ee18, type: 3}
      propertyPath: m_Name
      value: Vis4
      objectReference: {fileID: 0}
    - target: {fileID: 7471656987268738770, guid: a7c47093368ff664898d4485dc30ee18, type: 3}
      propertyPath: m_RootOrder
      value: -1
      objectReference: {fileID: 0}
    - target: {fileID: 7471656987268738770, guid: a7c47093368ff664898d4485dc30ee18, type: 3}
      propertyPath: m_LocalScale.x
      value: 10.89
      objectReference: {fileID: 0}
    - target: {fileID: 7471656987268738770, guid: a7c47093368ff664898d4485dc30ee18, type: 3}
      propertyPath: m_LocalScale.y
      value: 10.89
      objectReference: {fileID: 0}
    - target: {fileID: 7471656987268738770, guid: a7c47093368ff664898d4485dc30ee18, type: 3}
      propertyPath: m_LocalPosition.x
      value: -1.7003131
      objectReference: {fileID: 0}
    - target: {fileID: 7471656987268738770, guid: a7c47093368ff664898d4485dc30ee18, type: 3}
      propertyPath: m_LocalPosition.y
      value: 2.3724375
      objectReference: {fileID: 0}
    - target: {fileID: 7471656987268738770, guid: a7c47093368ff664898d4485dc30ee18, type: 3}
      propertyPath: m_LocalPosition.z
      value: 5.386465
      objectReference: {fileID: 0}
    - target: {fileID: 7471656987268738770, guid: a7c47093368ff664898d4485dc30ee18, type: 3}
      propertyPath: m_LocalRotation.w
      value: 0.7071068
      objectReference: {fileID: 0}
    - target: {fileID: 7471656987268738770, guid: a7c47093368ff664898d4485dc30ee18, type: 3}
      propertyPath: m_LocalRotation.x
      value: -0
      objectReference: {fileID: 0}
    - target: {fileID: 7471656987268738770, guid: a7c47093368ff664898d4485dc30ee18, type: 3}
      propertyPath: m_LocalRotation.y
      value: -0
      objectReference: {fileID: 0}
    - target: {fileID: 7471656987268738770, guid: a7c47093368ff664898d4485dc30ee18, type: 3}
      propertyPath: m_LocalRotation.z
      value: 0.7071068
      objectReference: {fileID: 0}
    - target: {fileID: 7471656987268738770, guid: a7c47093368ff664898d4485dc30ee18, type: 3}
      propertyPath: m_LocalEulerAnglesHint.x
      value: 0
      objectReference: {fileID: 0}
    - target: {fileID: 7471656987268738770, guid: a7c47093368ff664898d4485dc30ee18, type: 3}
      propertyPath: m_LocalEulerAnglesHint.y
      value: 0
      objectReference: {fileID: 0}
    - target: {fileID: 7471656987268738770, guid: a7c47093368ff664898d4485dc30ee18, type: 3}
      propertyPath: m_LocalEulerAnglesHint.z
      value: 90
      objectReference: {fileID: 0}
    m_RemovedComponents: []
    m_AddedGameObjects: []
  m_SourcePrefab: {fileID: 100100000, guid: a7c47093368ff664898d4485dc30ee18, type: 3}
--- !u!1 &2099980856181709890 stripped
GameObject:
  m_CorrespondingSourceObject: {fileID: 5903077446598597825, guid: a7c47093368ff664898d4485dc30ee18, type: 3}
  m_PrefabInstance: {fileID: 5534731385936658563}
  m_PrefabAsset: {fileID: 0}
--- !u!4 &3134497294167191121 stripped
Transform:
  m_CorrespondingSourceObject: {fileID: 7471656987268738770, guid: a7c47093368ff664898d4485dc30ee18, type: 3}
  m_PrefabInstance: {fileID: 5534731385936658563}
  m_PrefabAsset: {fileID: 0}
--- !u!1001 &6437668183751794447
PrefabInstance:
  m_ObjectHideFlags: 0
  serializedVersion: 2
  m_Modification:
    serializedVersion: 2
    m_TransformParent: {fileID: 4817455121312455283}
    m_Modifications:
    - target: {fileID: 4196362702418936776, guid: 6143bea2ffffbed459ef8edb61f59c03, type: 3}
      propertyPath: m_RootOrder
      value: -1
      objectReference: {fileID: 0}
    - target: {fileID: 4196362702418936776, guid: 6143bea2ffffbed459ef8edb61f59c03, type: 3}
      propertyPath: m_LocalPosition.x
      value: -1.6203125
      objectReference: {fileID: 0}
    - target: {fileID: 4196362702418936776, guid: 6143bea2ffffbed459ef8edb61f59c03, type: 3}
      propertyPath: m_LocalPosition.y
      value: 1.0729373
      objectReference: {fileID: 0}
    - target: {fileID: 4196362702418936776, guid: 6143bea2ffffbed459ef8edb61f59c03, type: 3}
      propertyPath: m_LocalPosition.z
      value: 2.9247322
      objectReference: {fileID: 0}
    - target: {fileID: 4196362702418936776, guid: 6143bea2ffffbed459ef8edb61f59c03, type: 3}
      propertyPath: m_LocalRotation.w
      value: 1
      objectReference: {fileID: 0}
    - target: {fileID: 4196362702418936776, guid: 6143bea2ffffbed459ef8edb61f59c03, type: 3}
      propertyPath: m_LocalRotation.x
      value: -0
      objectReference: {fileID: 0}
    - target: {fileID: 4196362702418936776, guid: 6143bea2ffffbed459ef8edb61f59c03, type: 3}
      propertyPath: m_LocalRotation.y
      value: -0
      objectReference: {fileID: 0}
    - target: {fileID: 4196362702418936776, guid: 6143bea2ffffbed459ef8edb61f59c03, type: 3}
      propertyPath: m_LocalRotation.z
      value: -0
      objectReference: {fileID: 0}
    - target: {fileID: 4196362702418936776, guid: 6143bea2ffffbed459ef8edb61f59c03, type: 3}
      propertyPath: m_LocalEulerAnglesHint.x
      value: 0
      objectReference: {fileID: 0}
    - target: {fileID: 4196362702418936776, guid: 6143bea2ffffbed459ef8edb61f59c03, type: 3}
      propertyPath: m_LocalEulerAnglesHint.y
      value: 0
      objectReference: {fileID: 0}
    - target: {fileID: 4196362702418936776, guid: 6143bea2ffffbed459ef8edb61f59c03, type: 3}
      propertyPath: m_LocalEulerAnglesHint.z
      value: 0
      objectReference: {fileID: 0}
    - target: {fileID: 4196362702418936779, guid: 6143bea2ffffbed459ef8edb61f59c03, type: 3}
      propertyPath: vis1
      value: 
      objectReference: {fileID: 2099980855013139095}
    - target: {fileID: 4196362702418936779, guid: 6143bea2ffffbed459ef8edb61f59c03, type: 3}
      propertyPath: vis2
      value: 
      objectReference: {fileID: 2099980855051453656}
    - target: {fileID: 4196362702418936779, guid: 6143bea2ffffbed459ef8edb61f59c03, type: 3}
      propertyPath: vis3
      value: 
      objectReference: {fileID: 2099980856177613226}
    - target: {fileID: 4196362702418936779, guid: 6143bea2ffffbed459ef8edb61f59c03, type: 3}
      propertyPath: vis4
      value: 
      objectReference: {fileID: 2099980856181709890}
    - target: {fileID: 4196362702418936780, guid: 6143bea2ffffbed459ef8edb61f59c03, type: 3}
      propertyPath: m_Name
      value: First Layer
      objectReference: {fileID: 0}
    m_RemovedComponents: []
    m_AddedGameObjects: []
  m_SourcePrefab: {fileID: 100100000, guid: 6143bea2ffffbed459ef8edb61f59c03, type: 3}
--- !u!4 &7163899621066742983 stripped
Transform:
  m_CorrespondingSourceObject: {fileID: 4196362702418936776, guid: 6143bea2ffffbed459ef8edb61f59c03, type: 3}
  m_PrefabInstance: {fileID: 6437668183751794447}
  m_PrefabAsset: {fileID: 0}
--- !u!1001 &7137213430705258085
PrefabInstance:
  m_ObjectHideFlags: 0
  serializedVersion: 2
  m_Modification:
    serializedVersion: 2
    m_TransformParent: {fileID: 4817455121312455283}
    m_Modifications:
    - target: {fileID: 5220658651948019425, guid: 9fe04a1886bbf084cad197c45453cbd4, type: 3}
      propertyPath: m_RootOrder
      value: -1
      objectReference: {fileID: 0}
    - target: {fileID: 5220658651948019425, guid: 9fe04a1886bbf084cad197c45453cbd4, type: 3}
      propertyPath: m_LocalScale.x
      value: 10.89
      objectReference: {fileID: 0}
    - target: {fileID: 5220658651948019425, guid: 9fe04a1886bbf084cad197c45453cbd4, type: 3}
      propertyPath: m_LocalScale.y
      value: 10.89
      objectReference: {fileID: 0}
    - target: {fileID: 5220658651948019425, guid: 9fe04a1886bbf084cad197c45453cbd4, type: 3}
      propertyPath: m_LocalPosition.x
      value: -1.7003131
      objectReference: {fileID: 0}
    - target: {fileID: 5220658651948019425, guid: 9fe04a1886bbf084cad197c45453cbd4, type: 3}
      propertyPath: m_LocalPosition.y
      value: -0.22659278
      objectReference: {fileID: 0}
    - target: {fileID: 5220658651948019425, guid: 9fe04a1886bbf084cad197c45453cbd4, type: 3}
      propertyPath: m_LocalPosition.z
      value: 5.386465
      objectReference: {fileID: 0}
    - target: {fileID: 5220658651948019425, guid: 9fe04a1886bbf084cad197c45453cbd4, type: 3}
      propertyPath: m_LocalRotation.w
      value: 0.7071068
      objectReference: {fileID: 0}
    - target: {fileID: 5220658651948019425, guid: 9fe04a1886bbf084cad197c45453cbd4, type: 3}
      propertyPath: m_LocalRotation.x
      value: -0
      objectReference: {fileID: 0}
    - target: {fileID: 5220658651948019425, guid: 9fe04a1886bbf084cad197c45453cbd4, type: 3}
      propertyPath: m_LocalRotation.y
      value: -0
      objectReference: {fileID: 0}
    - target: {fileID: 5220658651948019425, guid: 9fe04a1886bbf084cad197c45453cbd4, type: 3}
      propertyPath: m_LocalRotation.z
      value: 0.7071068
      objectReference: {fileID: 0}
    - target: {fileID: 5220658651948019425, guid: 9fe04a1886bbf084cad197c45453cbd4, type: 3}
      propertyPath: m_LocalEulerAnglesHint.x
      value: 0
      objectReference: {fileID: 0}
    - target: {fileID: 5220658651948019425, guid: 9fe04a1886bbf084cad197c45453cbd4, type: 3}
      propertyPath: m_LocalEulerAnglesHint.y
      value: 0
      objectReference: {fileID: 0}
    - target: {fileID: 5220658651948019425, guid: 9fe04a1886bbf084cad197c45453cbd4, type: 3}
      propertyPath: m_LocalEulerAnglesHint.z
      value: 90
      objectReference: {fileID: 0}
    - target: {fileID: 9090754144804314354, guid: 9fe04a1886bbf084cad197c45453cbd4, type: 3}
      propertyPath: m_Name
      value: Vis1
      objectReference: {fileID: 0}
    m_RemovedComponents: []
    m_AddedGameObjects: []
  m_SourcePrefab: {fileID: 100100000, guid: 9fe04a1886bbf084cad197c45453cbd4, type: 3}
--- !u!1 &2099980855013139095 stripped
GameObject:
  m_CorrespondingSourceObject: {fileID: 9090754144804314354, guid: 9fe04a1886bbf084cad197c45453cbd4, type: 3}
  m_PrefabInstance: {fileID: 7137213430705258085}
  m_PrefabAsset: {fileID: 0}
--- !u!4 &3134497295332741252 stripped
Transform:
  m_CorrespondingSourceObject: {fileID: 5220658651948019425, guid: 9fe04a1886bbf084cad197c45453cbd4, type: 3}
  m_PrefabInstance: {fileID: 7137213430705258085}
  m_PrefabAsset: {fileID: 0}
--- !u!1001 &7313056200036476988
PrefabInstance:
  m_ObjectHideFlags: 0
  serializedVersion: 2
  m_Modification:
    serializedVersion: 2
    m_TransformParent: {fileID: 4817455121312455283}
    m_Modifications:
    - target: {fileID: 438671475130311345, guid: 66033b0a2c694e7408fdba3391f81ee6, type: 3}
      propertyPath: m_Name
      value: Second Layer
      objectReference: {fileID: 0}
    - target: {fileID: 438671475130311357, guid: 66033b0a2c694e7408fdba3391f81ee6, type: 3}
      propertyPath: m_RootOrder
      value: -1
      objectReference: {fileID: 0}
    - target: {fileID: 438671475130311357, guid: 66033b0a2c694e7408fdba3391f81ee6, type: 3}
      propertyPath: m_LocalPosition.x
      value: -1.5803125
      objectReference: {fileID: 0}
    - target: {fileID: 438671475130311357, guid: 66033b0a2c694e7408fdba3391f81ee6, type: 3}
      propertyPath: m_LocalPosition.y
      value: 1.0629373
      objectReference: {fileID: 0}
    - target: {fileID: 438671475130311357, guid: 66033b0a2c694e7408fdba3391f81ee6, type: 3}
      propertyPath: m_LocalPosition.z
      value: 2.9247322
      objectReference: {fileID: 0}
    - target: {fileID: 438671475130311357, guid: 66033b0a2c694e7408fdba3391f81ee6, type: 3}
      propertyPath: m_LocalRotation.w
      value: 1
      objectReference: {fileID: 0}
    - target: {fileID: 438671475130311357, guid: 66033b0a2c694e7408fdba3391f81ee6, type: 3}
      propertyPath: m_LocalRotation.x
      value: -0
      objectReference: {fileID: 0}
    - target: {fileID: 438671475130311357, guid: 66033b0a2c694e7408fdba3391f81ee6, type: 3}
      propertyPath: m_LocalRotation.y
      value: -0
      objectReference: {fileID: 0}
    - target: {fileID: 438671475130311357, guid: 66033b0a2c694e7408fdba3391f81ee6, type: 3}
      propertyPath: m_LocalRotation.z
      value: -0
      objectReference: {fileID: 0}
    - target: {fileID: 438671475130311357, guid: 66033b0a2c694e7408fdba3391f81ee6, type: 3}
      propertyPath: m_LocalEulerAnglesHint.x
      value: 0
      objectReference: {fileID: 0}
    - target: {fileID: 438671475130311357, guid: 66033b0a2c694e7408fdba3391f81ee6, type: 3}
      propertyPath: m_LocalEulerAnglesHint.y
      value: 0
      objectReference: {fileID: 0}
    - target: {fileID: 438671475130311357, guid: 66033b0a2c694e7408fdba3391f81ee6, type: 3}
      propertyPath: m_LocalEulerAnglesHint.z
      value: 0
      objectReference: {fileID: 0}
    m_RemovedComponents: []
    m_AddedGameObjects: []
  m_SourcePrefab: {fileID: 100100000, guid: 66033b0a2c694e7408fdba3391f81ee6, type: 3}
--- !u!4 &7163899620821125761 stripped
Transform:
  m_CorrespondingSourceObject: {fileID: 438671475130311357, guid: 66033b0a2c694e7408fdba3391f81ee6, type: 3}
  m_PrefabInstance: {fileID: 7313056200036476988}
  m_PrefabAsset: {fileID: 0}
--- !u!1001 &7957483351481806342
PrefabInstance:
  m_ObjectHideFlags: 0
  serializedVersion: 2
  m_Modification:
    serializedVersion: 2
    m_TransformParent: {fileID: 4817455121312455283}
    m_Modifications:
    - target: {fileID: 4976847420844939469, guid: b3016aea75f172c45aaffdc69bb79118, type: 3}
      propertyPath: m_RootOrder
      value: -1
      objectReference: {fileID: 0}
    - target: {fileID: 4976847420844939469, guid: b3016aea75f172c45aaffdc69bb79118, type: 3}
      propertyPath: m_LocalScale.x
      value: 10.89
      objectReference: {fileID: 0}
    - target: {fileID: 4976847420844939469, guid: b3016aea75f172c45aaffdc69bb79118, type: 3}
      propertyPath: m_LocalScale.y
      value: 10.89
      objectReference: {fileID: 0}
    - target: {fileID: 4976847420844939469, guid: b3016aea75f172c45aaffdc69bb79118, type: 3}
      propertyPath: m_LocalPosition.x
      value: -1.7003131
      objectReference: {fileID: 0}
    - target: {fileID: 4976847420844939469, guid: b3016aea75f172c45aaffdc69bb79118, type: 3}
      propertyPath: m_LocalPosition.y
      value: -0.21207285
      objectReference: {fileID: 0}
    - target: {fileID: 4976847420844939469, guid: b3016aea75f172c45aaffdc69bb79118, type: 3}
      propertyPath: m_LocalPosition.z
      value: 0.6384659
      objectReference: {fileID: 0}
    - target: {fileID: 4976847420844939469, guid: b3016aea75f172c45aaffdc69bb79118, type: 3}
      propertyPath: m_LocalRotation.w
      value: 0.7071068
      objectReference: {fileID: 0}
    - target: {fileID: 4976847420844939469, guid: b3016aea75f172c45aaffdc69bb79118, type: 3}
      propertyPath: m_LocalRotation.x
      value: -0
      objectReference: {fileID: 0}
    - target: {fileID: 4976847420844939469, guid: b3016aea75f172c45aaffdc69bb79118, type: 3}
      propertyPath: m_LocalRotation.y
      value: -0
      objectReference: {fileID: 0}
    - target: {fileID: 4976847420844939469, guid: b3016aea75f172c45aaffdc69bb79118, type: 3}
      propertyPath: m_LocalRotation.z
      value: 0.7071068
      objectReference: {fileID: 0}
    - target: {fileID: 4976847420844939469, guid: b3016aea75f172c45aaffdc69bb79118, type: 3}
      propertyPath: m_LocalEulerAnglesHint.x
      value: 0
      objectReference: {fileID: 0}
    - target: {fileID: 4976847420844939469, guid: b3016aea75f172c45aaffdc69bb79118, type: 3}
      propertyPath: m_LocalEulerAnglesHint.y
      value: 0
      objectReference: {fileID: 0}
    - target: {fileID: 4976847420844939469, guid: b3016aea75f172c45aaffdc69bb79118, type: 3}
      propertyPath: m_LocalEulerAnglesHint.z
      value: 90
      objectReference: {fileID: 0}
    - target: {fileID: 8307462928187976414, guid: b3016aea75f172c45aaffdc69bb79118, type: 3}
      propertyPath: m_Name
      value: Vis2
      objectReference: {fileID: 0}
    m_RemovedComponents: []
    m_AddedGameObjects: []
  m_SourcePrefab: {fileID: 100100000, guid: b3016aea75f172c45aaffdc69bb79118, type: 3}
--- !u!1 &2099980855051453656 stripped
GameObject:
  m_CorrespondingSourceObject: {fileID: 8307462928187976414, guid: b3016aea75f172c45aaffdc69bb79118, type: 3}
  m_PrefabInstance: {fileID: 7957483351481806342}
  m_PrefabAsset: {fileID: 0}
--- !u!4 &3134497295301637835 stripped
Transform:
  m_CorrespondingSourceObject: {fileID: 4976847420844939469, guid: b3016aea75f172c45aaffdc69bb79118, type: 3}
  m_PrefabInstance: {fileID: 7957483351481806342}
  m_PrefabAsset: {fileID: 0}
--- !u!1001 &8449127358244692388
PrefabInstance:
  m_ObjectHideFlags: 0
  serializedVersion: 2
  m_Modification:
    serializedVersion: 2
    m_TransformParent: {fileID: 4817455121312455283}
    m_Modifications:
    - target: {fileID: 1597120004099806034, guid: 9b14aa9a452b2f949979c02c1f391254, type: 3}
      propertyPath: m_RootOrder
      value: -1
      objectReference: {fileID: 0}
    - target: {fileID: 1597120004099806034, guid: 9b14aa9a452b2f949979c02c1f391254, type: 3}
      propertyPath: m_LocalPosition.x
      value: -1.6303124
      objectReference: {fileID: 0}
    - target: {fileID: 1597120004099806034, guid: 9b14aa9a452b2f949979c02c1f391254, type: 3}
      propertyPath: m_LocalPosition.y
      value: 2.1929374
      objectReference: {fileID: 0}
    - target: {fileID: 1597120004099806034, guid: 9b14aa9a452b2f949979c02c1f391254, type: 3}
      propertyPath: m_LocalPosition.z
      value: 2.2647321
      objectReference: {fileID: 0}
    - target: {fileID: 1597120004099806034, guid: 9b14aa9a452b2f949979c02c1f391254, type: 3}
      propertyPath: m_LocalRotation.w
      value: 1
      objectReference: {fileID: 0}
    - target: {fileID: 1597120004099806034, guid: 9b14aa9a452b2f949979c02c1f391254, type: 3}
      propertyPath: m_LocalRotation.x
      value: -0
      objectReference: {fileID: 0}
    - target: {fileID: 1597120004099806034, guid: 9b14aa9a452b2f949979c02c1f391254, type: 3}
      propertyPath: m_LocalRotation.y
      value: -0
      objectReference: {fileID: 0}
    - target: {fileID: 1597120004099806034, guid: 9b14aa9a452b2f949979c02c1f391254, type: 3}
      propertyPath: m_LocalRotation.z
      value: -0
      objectReference: {fileID: 0}
    - target: {fileID: 1597120004099806034, guid: 9b14aa9a452b2f949979c02c1f391254, type: 3}
      propertyPath: m_LocalEulerAnglesHint.x
      value: 0
      objectReference: {fileID: 0}
    - target: {fileID: 1597120004099806034, guid: 9b14aa9a452b2f949979c02c1f391254, type: 3}
      propertyPath: m_LocalEulerAnglesHint.y
      value: 0
      objectReference: {fileID: 0}
    - target: {fileID: 1597120004099806034, guid: 9b14aa9a452b2f949979c02c1f391254, type: 3}
      propertyPath: m_LocalEulerAnglesHint.z
      value: 0
      objectReference: {fileID: 0}
    - target: {fileID: 1597120004099806037, guid: 9b14aa9a452b2f949979c02c1f391254, type: 3}
      propertyPath: m_Name
      value: Indices
      objectReference: {fileID: 0}
    m_RemovedComponents: []
    m_AddedGameObjects: []
  m_SourcePrefab: {fileID: 100100000, guid: 9b14aa9a452b2f949979c02c1f391254, type: 3}
--- !u!4 &7163899620362269430 stripped
Transform:
  m_CorrespondingSourceObject: {fileID: 1597120004099806034, guid: 9b14aa9a452b2f949979c02c1f391254, type: 3}
  m_PrefabInstance: {fileID: 8449127358244692388}
  m_PrefabAsset: {fileID: 0}
--- !u!1001 &9116811778881183403
PrefabInstance:
  m_ObjectHideFlags: 0
  serializedVersion: 2
  m_Modification:
    serializedVersion: 2
    m_TransformParent: {fileID: 4817455121312455283}
    m_Modifications:
    - target: {fileID: 6195427703929173266, guid: cdd5fedf1402c654b8d791156229754d, type: 3}
      propertyPath: m_RootOrder
      value: -1
      objectReference: {fileID: 0}
    - target: {fileID: 6195427703929173266, guid: cdd5fedf1402c654b8d791156229754d, type: 3}
      propertyPath: m_LocalScale.x
      value: 10.89
      objectReference: {fileID: 0}
    - target: {fileID: 6195427703929173266, guid: cdd5fedf1402c654b8d791156229754d, type: 3}
      propertyPath: m_LocalScale.y
      value: 10.89
      objectReference: {fileID: 0}
    - target: {fileID: 6195427703929173266, guid: cdd5fedf1402c654b8d791156229754d, type: 3}
      propertyPath: m_LocalPosition.x
      value: -1.7003131
      objectReference: {fileID: 0}
    - target: {fileID: 6195427703929173266, guid: cdd5fedf1402c654b8d791156229754d, type: 3}
      propertyPath: m_LocalPosition.y
      value: 2.3724375
      objectReference: {fileID: 0}
    - target: {fileID: 6195427703929173266, guid: cdd5fedf1402c654b8d791156229754d, type: 3}
      propertyPath: m_LocalPosition.z
      value: 0.6384659
      objectReference: {fileID: 0}
    - target: {fileID: 6195427703929173266, guid: cdd5fedf1402c654b8d791156229754d, type: 3}
      propertyPath: m_LocalRotation.w
      value: 0.7071068
      objectReference: {fileID: 0}
    - target: {fileID: 6195427703929173266, guid: cdd5fedf1402c654b8d791156229754d, type: 3}
      propertyPath: m_LocalRotation.x
      value: -0
      objectReference: {fileID: 0}
    - target: {fileID: 6195427703929173266, guid: cdd5fedf1402c654b8d791156229754d, type: 3}
      propertyPath: m_LocalRotation.y
      value: -0
      objectReference: {fileID: 0}
    - target: {fileID: 6195427703929173266, guid: cdd5fedf1402c654b8d791156229754d, type: 3}
      propertyPath: m_LocalRotation.z
      value: 0.7071068
      objectReference: {fileID: 0}
    - target: {fileID: 6195427703929173266, guid: cdd5fedf1402c654b8d791156229754d, type: 3}
      propertyPath: m_LocalEulerAnglesHint.x
      value: 0
      objectReference: {fileID: 0}
    - target: {fileID: 6195427703929173266, guid: cdd5fedf1402c654b8d791156229754d, type: 3}
      propertyPath: m_LocalEulerAnglesHint.y
      value: 0
      objectReference: {fileID: 0}
    - target: {fileID: 6195427703929173266, guid: cdd5fedf1402c654b8d791156229754d, type: 3}
      propertyPath: m_LocalEulerAnglesHint.z
      value: 90
      objectReference: {fileID: 0}
    - target: {fileID: 7179245183062050561, guid: cdd5fedf1402c654b8d791156229754d, type: 3}
      propertyPath: m_Name
      value: Vis3
      objectReference: {fileID: 0}
    m_RemovedComponents: []
    m_AddedGameObjects: []
  m_SourcePrefab: {fileID: 100100000, guid: cdd5fedf1402c654b8d791156229754d, type: 3}
--- !u!1 &2099980856177613226 stripped
GameObject:
  m_CorrespondingSourceObject: {fileID: 7179245183062050561, guid: cdd5fedf1402c654b8d791156229754d, type: 3}
  m_PrefabInstance: {fileID: 9116811778881183403}
  m_PrefabAsset: {fileID: 0}
--- !u!4 &3134497294162897849 stripped
Transform:
  m_CorrespondingSourceObject: {fileID: 6195427703929173266, guid: cdd5fedf1402c654b8d791156229754d, type: 3}
  m_PrefabInstance: {fileID: 9116811778881183403}
  m_PrefabAsset: {fileID: 0}
