%YAML 1.1
%TAG !u! tag:unity3d.com,2011:
--- !u!1 &3672622519122118608
GameObject:
  m_ObjectHideFlags: 0
  m_CorrespondingSourceObject: {fileID: 0}
  m_PrefabInstance: {fileID: 0}
  m_PrefabAsset: {fileID: 0}
  serializedVersion: 6
  m_Component:
  - component: {fileID: 3672622519122118606}
  m_Layer: 0
  m_Name: ReticleLeft 1
  m_TagString: Untagged
  m_Icon: {fileID: 419385456094870383, guid: 0000000000000000d000000000000000, type: 0}
  m_NavMeshLayer: 0
  m_StaticEditorFlags: 0
  m_IsActive: 1
--- !u!4 &3672622519122118606
Transform:
  m_ObjectHideFlags: 0
  m_CorrespondingSourceObject: {fileID: 0}
  m_PrefabInstance: {fileID: 0}
  m_PrefabAsset: {fileID: 0}
  m_GameObject: {fileID: 3672622519122118608}
  m_LocalRotation: {x: -0, y: -0, z: -0, w: 1}
  m_LocalPosition: {x: 0, y: 0, z: 0}
  m_LocalScale: {x: 1, y: 1, z: 1}
  m_ConstrainProportionsScale: 0
  m_Children:
  - {fileID: 1807650071793363388}
  - {fileID: 1807650071191590805}
  - {fileID: 4530835561186443482}
  - {fileID: 4530835562651843511}
  - {fileID: 899435622032128375}
  - {fileID: 7370866636525936408}
  m_Father: {fileID: 0}
  m_RootOrder: 4
  m_LocalEulerAnglesHint: {x: 0, y: 0, z: 0}
--- !u!1001 &3672622519172731322
PrefabInstance:
  m_ObjectHideFlags: 0
  serializedVersion: 2
  m_Modification:
    serializedVersion: 2
    m_TransformParent: {fileID: 3672622519122118606}
    m_Modifications:
    - target: {fileID: 3162044330543675394, guid: e9dd25fe255d0dd4c9bb05c4e208bbf9, type: 3}
      propertyPath: m_Name
      value: ReticleIcon
      objectReference: {fileID: 0}
    - target: {fileID: 3162044330543675398, guid: e9dd25fe255d0dd4c9bb05c4e208bbf9, type: 3}
      propertyPath: m_RootOrder
      value: 0
      objectReference: {fileID: 0}
    - target: {fileID: 3162044330543675398, guid: e9dd25fe255d0dd4c9bb05c4e208bbf9, type: 3}
      propertyPath: m_LocalPosition.x
      value: 0
      objectReference: {fileID: 0}
    - target: {fileID: 3162044330543675398, guid: e9dd25fe255d0dd4c9bb05c4e208bbf9, type: 3}
      propertyPath: m_LocalPosition.y
      value: 0
      objectReference: {fileID: 0}
    - target: {fileID: 3162044330543675398, guid: e9dd25fe255d0dd4c9bb05c4e208bbf9, type: 3}
      propertyPath: m_LocalPosition.z
      value: 0
      objectReference: {fileID: 0}
    - target: {fileID: 3162044330543675398, guid: e9dd25fe255d0dd4c9bb05c4e208bbf9, type: 3}
      propertyPath: m_LocalRotation.w
      value: 1
      objectReference: {fileID: 0}
    - target: {fileID: 3162044330543675398, guid: e9dd25fe255d0dd4c9bb05c4e208bbf9, type: 3}
      propertyPath: m_LocalRotation.x
      value: -0
      objectReference: {fileID: 0}
    - target: {fileID: 3162044330543675398, guid: e9dd25fe255d0dd4c9bb05c4e208bbf9, type: 3}
      propertyPath: m_LocalRotation.y
      value: -0
      objectReference: {fileID: 0}
    - target: {fileID: 3162044330543675398, guid: e9dd25fe255d0dd4c9bb05c4e208bbf9, type: 3}
      propertyPath: m_LocalRotation.z
      value: -0
      objectReference: {fileID: 0}
    - target: {fileID: 3162044330543675398, guid: e9dd25fe255d0dd4c9bb05c4e208bbf9, type: 3}
      propertyPath: m_LocalEulerAnglesHint.x
      value: 0
      objectReference: {fileID: 0}
    - target: {fileID: 3162044330543675398, guid: e9dd25fe255d0dd4c9bb05c4e208bbf9, type: 3}
      propertyPath: m_LocalEulerAnglesHint.y
      value: 0
      objectReference: {fileID: 0}
    - target: {fileID: 3162044330543675398, guid: e9dd25fe255d0dd4c9bb05c4e208bbf9, type: 3}
      propertyPath: m_LocalEulerAnglesHint.z
      value: 0
      objectReference: {fileID: 0}
    m_RemovedComponents: []
    m_AddedGameObjects: []
  m_SourcePrefab: {fileID: 100100000, guid: e9dd25fe255d0dd4c9bb05c4e208bbf9, type: 3}
--- !u!4 &1807650071793363388 stripped
Transform:
  m_CorrespondingSourceObject: {fileID: 3162044330543675398, guid: e9dd25fe255d0dd4c9bb05c4e208bbf9, type: 3}
  m_PrefabInstance: {fileID: 3672622519172731322}
  m_PrefabAsset: {fileID: 0}
--- !u!1001 &3672622519542984499
PrefabInstance:
  m_ObjectHideFlags: 0
  serializedVersion: 2
  m_Modification:
    serializedVersion: 2
    m_TransformParent: {fileID: 3672622519122118606}
    m_Modifications:
    - target: {fileID: 871169765023707112, guid: e06ae8cd9650553488e0949aa9da383b, type: 3}
      propertyPath: m_Name
      value: ReticleLine
      objectReference: {fileID: 0}
    - target: {fileID: 871169765023707113, guid: e06ae8cd9650553488e0949aa9da383b, type: 3}
      propertyPath: m_RootOrder
      value: 2
      objectReference: {fileID: 0}
    - target: {fileID: 871169765023707113, guid: e06ae8cd9650553488e0949aa9da383b, type: 3}
      propertyPath: m_LocalPosition.x
      value: 0
      objectReference: {fileID: 0}
    - target: {fileID: 871169765023707113, guid: e06ae8cd9650553488e0949aa9da383b, type: 3}
      propertyPath: m_LocalPosition.y
      value: 0
      objectReference: {fileID: 0}
    - target: {fileID: 871169765023707113, guid: e06ae8cd9650553488e0949aa9da383b, type: 3}
      propertyPath: m_LocalPosition.z
      value: 0
      objectReference: {fileID: 0}
    - target: {fileID: 871169765023707113, guid: e06ae8cd9650553488e0949aa9da383b, type: 3}
      propertyPath: m_LocalRotation.w
      value: 1
      objectReference: {fileID: 0}
    - target: {fileID: 871169765023707113, guid: e06ae8cd9650553488e0949aa9da383b, type: 3}
      propertyPath: m_LocalRotation.x
      value: -0
      objectReference: {fileID: 0}
    - target: {fileID: 871169765023707113, guid: e06ae8cd9650553488e0949aa9da383b, type: 3}
      propertyPath: m_LocalRotation.y
      value: -0
      objectReference: {fileID: 0}
    - target: {fileID: 871169765023707113, guid: e06ae8cd9650553488e0949aa9da383b, type: 3}
      propertyPath: m_LocalRotation.z
      value: -0
      objectReference: {fileID: 0}
    - target: {fileID: 871169765023707113, guid: e06ae8cd9650553488e0949aa9da383b, type: 3}
      propertyPath: m_LocalEulerAnglesHint.x
      value: 0
      objectReference: {fileID: 0}
    - target: {fileID: 871169765023707113, guid: e06ae8cd9650553488e0949aa9da383b, type: 3}
      propertyPath: m_LocalEulerAnglesHint.y
      value: 0
      objectReference: {fileID: 0}
    - target: {fileID: 871169765023707113, guid: e06ae8cd9650553488e0949aa9da383b, type: 3}
      propertyPath: m_LocalEulerAnglesHint.z
      value: 0
      objectReference: {fileID: 0}
    m_RemovedComponents: []
    m_AddedGameObjects: []
  m_SourcePrefab: {fileID: 100100000, guid: e06ae8cd9650553488e0949aa9da383b, type: 3}
--- !u!4 &4530835561186443482 stripped
Transform:
  m_CorrespondingSourceObject: {fileID: 871169765023707113, guid: e06ae8cd9650553488e0949aa9da383b, type: 3}
  m_PrefabInstance: {fileID: 3672622519542984499}
  m_PrefabAsset: {fileID: 0}
--- !u!1001 &3672622519778701203
PrefabInstance:
  m_ObjectHideFlags: 0
  serializedVersion: 2
  m_Modification:
    serializedVersion: 2
    m_TransformParent: {fileID: 3672622519122118606}
    m_Modifications:
    - target: {fileID: 3162044330543675394, guid: e9dd25fe255d0dd4c9bb05c4e208bbf9, type: 3}
      propertyPath: m_Name
      value: ReticleIcon
      objectReference: {fileID: 0}
    - target: {fileID: 3162044330543675398, guid: e9dd25fe255d0dd4c9bb05c4e208bbf9, type: 3}
      propertyPath: m_RootOrder
      value: 1
      objectReference: {fileID: 0}
    - target: {fileID: 3162044330543675398, guid: e9dd25fe255d0dd4c9bb05c4e208bbf9, type: 3}
      propertyPath: m_LocalPosition.x
      value: 0
      objectReference: {fileID: 0}
    - target: {fileID: 3162044330543675398, guid: e9dd25fe255d0dd4c9bb05c4e208bbf9, type: 3}
      propertyPath: m_LocalPosition.y
      value: 0
      objectReference: {fileID: 0}
    - target: {fileID: 3162044330543675398, guid: e9dd25fe255d0dd4c9bb05c4e208bbf9, type: 3}
      propertyPath: m_LocalPosition.z
      value: 0
      objectReference: {fileID: 0}
    - target: {fileID: 3162044330543675398, guid: e9dd25fe255d0dd4c9bb05c4e208bbf9, type: 3}
      propertyPath: m_LocalRotation.w
      value: 1
      objectReference: {fileID: 0}
    - target: {fileID: 3162044330543675398, guid: e9dd25fe255d0dd4c9bb05c4e208bbf9, type: 3}
      propertyPath: m_LocalRotation.x
      value: -0
      objectReference: {fileID: 0}
    - target: {fileID: 3162044330543675398, guid: e9dd25fe255d0dd4c9bb05c4e208bbf9, type: 3}
      propertyPath: m_LocalRotation.y
      value: -0
      objectReference: {fileID: 0}
    - target: {fileID: 3162044330543675398, guid: e9dd25fe255d0dd4c9bb05c4e208bbf9, type: 3}
      propertyPath: m_LocalRotation.z
      value: -0
      objectReference: {fileID: 0}
    - target: {fileID: 3162044330543675398, guid: e9dd25fe255d0dd4c9bb05c4e208bbf9, type: 3}
      propertyPath: m_LocalEulerAnglesHint.x
      value: 0
      objectReference: {fileID: 0}
    - target: {fileID: 3162044330543675398, guid: e9dd25fe255d0dd4c9bb05c4e208bbf9, type: 3}
      propertyPath: m_LocalEulerAnglesHint.y
      value: 0
      objectReference: {fileID: 0}
    - target: {fileID: 3162044330543675398, guid: e9dd25fe255d0dd4c9bb05c4e208bbf9, type: 3}
      propertyPath: m_LocalEulerAnglesHint.z
      value: 0
      objectReference: {fileID: 0}
    m_RemovedComponents: []
    m_AddedGameObjects: []
  m_SourcePrefab: {fileID: 100100000, guid: e9dd25fe255d0dd4c9bb05c4e208bbf9, type: 3}
--- !u!4 &1807650071191590805 stripped
Transform:
  m_CorrespondingSourceObject: {fileID: 3162044330543675398, guid: e9dd25fe255d0dd4c9bb05c4e208bbf9, type: 3}
  m_PrefabInstance: {fileID: 3672622519778701203}
  m_PrefabAsset: {fileID: 0}
--- !u!1001 &3672622519938957066
PrefabInstance:
  m_ObjectHideFlags: 0
  serializedVersion: 2
  m_Modification:
    serializedVersion: 2
    m_TransformParent: {fileID: 3672622519122118606}
    m_Modifications:
    - target: {fileID: 4507163522421032451, guid: 4f498c02c6abd9240965900485454116, type: 3}
      propertyPath: m_Materials.Array.data[0]
      value: 
      objectReference: {fileID: 2100000, guid: 697d9a99ae3c7784bbef700ed300a1ca, type: 2}
    - target: {fileID: 4507163522421032572, guid: 4f498c02c6abd9240965900485454116, type: 3}
      propertyPath: _travelData._travelSpeed
      value: 10
      objectReference: {fileID: 0}
    - target: {fileID: 4507163522421032572, guid: 4f498c02c6abd9240965900485454116, type: 3}
      propertyPath: _travelData._useFixedTravelTime
      value: 0
      objectReference: {fileID: 0}
    - target: {fileID: 4507163522421032573, guid: 4f498c02c6abd9240965900485454116, type: 3}
      propertyPath: m_RootOrder
      value: 4
      objectReference: {fileID: 0}
    - target: {fileID: 4507163522421032573, guid: 4f498c02c6abd9240965900485454116, type: 3}
      propertyPath: m_LocalPosition.x
      value: 0
      objectReference: {fileID: 0}
    - target: {fileID: 4507163522421032573, guid: 4f498c02c6abd9240965900485454116, type: 3}
      propertyPath: m_LocalPosition.y
      value: 0
      objectReference: {fileID: 0}
    - target: {fileID: 4507163522421032573, guid: 4f498c02c6abd9240965900485454116, type: 3}
      propertyPath: m_LocalPosition.z
      value: 0
      objectReference: {fileID: 0}
    - target: {fileID: 4507163522421032573, guid: 4f498c02c6abd9240965900485454116, type: 3}
      propertyPath: m_LocalRotation.w
      value: 1
      objectReference: {fileID: 0}
    - target: {fileID: 4507163522421032573, guid: 4f498c02c6abd9240965900485454116, type: 3}
      propertyPath: m_LocalRotation.x
      value: -0
      objectReference: {fileID: 0}
    - target: {fileID: 4507163522421032573, guid: 4f498c02c6abd9240965900485454116, type: 3}
      propertyPath: m_LocalRotation.y
      value: -0
      objectReference: {fileID: 0}
    - target: {fileID: 4507163522421032573, guid: 4f498c02c6abd9240965900485454116, type: 3}
      propertyPath: m_LocalRotation.z
      value: -0
      objectReference: {fileID: 0}
    - target: {fileID: 4507163522421032573, guid: 4f498c02c6abd9240965900485454116, type: 3}
      propertyPath: m_LocalEulerAnglesHint.x
      value: 0
      objectReference: {fileID: 0}
    - target: {fileID: 4507163522421032573, guid: 4f498c02c6abd9240965900485454116, type: 3}
      propertyPath: m_LocalEulerAnglesHint.y
      value: 0
      objectReference: {fileID: 0}
    - target: {fileID: 4507163522421032573, guid: 4f498c02c6abd9240965900485454116, type: 3}
      propertyPath: m_LocalEulerAnglesHint.z
      value: 0
      objectReference: {fileID: 0}
    - target: {fileID: 4507163522421032574, guid: 4f498c02c6abd9240965900485454116, type: 3}
      propertyPath: m_Name
      value: ReticleMesh
      objectReference: {fileID: 0}
    m_RemovedComponents: []
    m_AddedGameObjects: []
  m_SourcePrefab: {fileID: 100100000, guid: 4f498c02c6abd9240965900485454116, type: 3}
--- !u!4 &899435622032128375 stripped
Transform:
  m_CorrespondingSourceObject: {fileID: 4507163522421032573, guid: 4f498c02c6abd9240965900485454116, type: 3}
  m_PrefabInstance: {fileID: 3672622519938957066}
  m_PrefabAsset: {fileID: 0}
--- !u!1001 &3672622520237659230
PrefabInstance:
  m_ObjectHideFlags: 0
  serializedVersion: 2
  m_Modification:
    serializedVersion: 2
    m_TransformParent: {fileID: 3672622519122118606}
    m_Modifications:
    - target: {fileID: 871169765023707112, guid: e06ae8cd9650553488e0949aa9da383b, type: 3}
      propertyPath: m_Name
      value: ReticleLine
      objectReference: {fileID: 0}
    - target: {fileID: 871169765023707113, guid: e06ae8cd9650553488e0949aa9da383b, type: 3}
      propertyPath: m_RootOrder
      value: 3
      objectReference: {fileID: 0}
    - target: {fileID: 871169765023707113, guid: e06ae8cd9650553488e0949aa9da383b, type: 3}
      propertyPath: m_LocalPosition.x
      value: 0
      objectReference: {fileID: 0}
    - target: {fileID: 871169765023707113, guid: e06ae8cd9650553488e0949aa9da383b, type: 3}
      propertyPath: m_LocalPosition.y
      value: 0
      objectReference: {fileID: 0}
    - target: {fileID: 871169765023707113, guid: e06ae8cd9650553488e0949aa9da383b, type: 3}
      propertyPath: m_LocalPosition.z
      value: 0
      objectReference: {fileID: 0}
    - target: {fileID: 871169765023707113, guid: e06ae8cd9650553488e0949aa9da383b, type: 3}
      propertyPath: m_LocalRotation.w
      value: 1
      objectReference: {fileID: 0}
    - target: {fileID: 871169765023707113, guid: e06ae8cd9650553488e0949aa9da383b, type: 3}
      propertyPath: m_LocalRotation.x
      value: -0
      objectReference: {fileID: 0}
    - target: {fileID: 871169765023707113, guid: e06ae8cd9650553488e0949aa9da383b, type: 3}
      propertyPath: m_LocalRotation.y
      value: -0
      objectReference: {fileID: 0}
    - target: {fileID: 871169765023707113, guid: e06ae8cd9650553488e0949aa9da383b, type: 3}
      propertyPath: m_LocalRotation.z
      value: -0
      objectReference: {fileID: 0}
    - target: {fileID: 871169765023707113, guid: e06ae8cd9650553488e0949aa9da383b, type: 3}
      propertyPath: m_LocalEulerAnglesHint.x
      value: 0
      objectReference: {fileID: 0}
    - target: {fileID: 871169765023707113, guid: e06ae8cd9650553488e0949aa9da383b, type: 3}
      propertyPath: m_LocalEulerAnglesHint.y
      value: 0
      objectReference: {fileID: 0}
    - target: {fileID: 871169765023707113, guid: e06ae8cd9650553488e0949aa9da383b, type: 3}
      propertyPath: m_LocalEulerAnglesHint.z
      value: 0
      objectReference: {fileID: 0}
    m_RemovedComponents: []
    m_AddedGameObjects: []
  m_SourcePrefab: {fileID: 100100000, guid: e06ae8cd9650553488e0949aa9da383b, type: 3}
--- !u!4 &4530835562651843511 stripped
Transform:
  m_CorrespondingSourceObject: {fileID: 871169765023707113, guid: e06ae8cd9650553488e0949aa9da383b, type: 3}
  m_PrefabInstance: {fileID: 3672622520237659230}
  m_PrefabAsset: {fileID: 0}
--- !u!1001 &3672622520781562557
PrefabInstance:
  m_ObjectHideFlags: 0
  serializedVersion: 2
  m_Modification:
    serializedVersion: 2
    m_TransformParent: {fileID: 3672622519122118606}
    m_Modifications:
    - target: {fileID: 2722822990643832032, guid: 50be278e32a579c47934a40be20880df, type: 3}
      propertyPath: m_Materials.Array.data[0]
      value: 
      objectReference: {fileID: 2100000, guid: 697d9a99ae3c7784bbef700ed300a1ca, type: 2}
    - target: {fileID: 4688657108495839394, guid: 50be278e32a579c47934a40be20880df, type: 3}
      propertyPath: _visualHand
      value: 
      objectReference: {fileID: 1674969265552721649}
    - target: {fileID: 4688657108495839394, guid: 50be278e32a579c47934a40be20880df, type: 3}
      propertyPath: _showOnSelect
      value: 1
      objectReference: {fileID: 0}
    - target: {fileID: 4688657108495839394, guid: 50be278e32a579c47934a40be20880df, type: 3}
      propertyPath: _visibleDuringSelect
      value: 1
      objectReference: {fileID: 0}
    - target: {fileID: 6106127509108096420, guid: 50be278e32a579c47934a40be20880df, type: 3}
      propertyPath: m_Name
      value: LeftHandReticle
      objectReference: {fileID: 0}
    - target: {fileID: 6106127509108096421, guid: 50be278e32a579c47934a40be20880df, type: 3}
      propertyPath: m_RootOrder
      value: 5
      objectReference: {fileID: 0}
    - target: {fileID: 6106127509108096421, guid: 50be278e32a579c47934a40be20880df, type: 3}
      propertyPath: m_LocalPosition.x
      value: 0
      objectReference: {fileID: 0}
    - target: {fileID: 6106127509108096421, guid: 50be278e32a579c47934a40be20880df, type: 3}
      propertyPath: m_LocalPosition.y
      value: 0
      objectReference: {fileID: 0}
    - target: {fileID: 6106127509108096421, guid: 50be278e32a579c47934a40be20880df, type: 3}
      propertyPath: m_LocalPosition.z
      value: 0
      objectReference: {fileID: 0}
    - target: {fileID: 6106127509108096421, guid: 50be278e32a579c47934a40be20880df, type: 3}
      propertyPath: m_LocalRotation.w
      value: 1
      objectReference: {fileID: 0}
    - target: {fileID: 6106127509108096421, guid: 50be278e32a579c47934a40be20880df, type: 3}
      propertyPath: m_LocalRotation.x
      value: -0
      objectReference: {fileID: 0}
    - target: {fileID: 6106127509108096421, guid: 50be278e32a579c47934a40be20880df, type: 3}
      propertyPath: m_LocalRotation.y
      value: -0
      objectReference: {fileID: 0}
    - target: {fileID: 6106127509108096421, guid: 50be278e32a579c47934a40be20880df, type: 3}
      propertyPath: m_LocalRotation.z
      value: -0
      objectReference: {fileID: 0}
    - target: {fileID: 6106127509108096421, guid: 50be278e32a579c47934a40be20880df, type: 3}
      propertyPath: m_LocalEulerAnglesHint.x
      value: 0
      objectReference: {fileID: 0}
    - target: {fileID: 6106127509108096421, guid: 50be278e32a579c47934a40be20880df, type: 3}
      propertyPath: m_LocalEulerAnglesHint.y
      value: 0
      objectReference: {fileID: 0}
    - target: {fileID: 6106127509108096421, guid: 50be278e32a579c47934a40be20880df, type: 3}
      propertyPath: m_LocalEulerAnglesHint.z
      value: 0
      objectReference: {fileID: 0}
    m_RemovedComponents: []
    m_AddedGameObjects: []
  m_SourcePrefab: {fileID: 100100000, guid: 50be278e32a579c47934a40be20880df, type: 3}
--- !u!114 &1674969265552721649 stripped
MonoBehaviour:
  m_CorrespondingSourceObject: {fileID: 2722822990176674892, guid: 50be278e32a579c47934a40be20880df, type: 3}
  m_PrefabInstance: {fileID: 3672622520781562557}
  m_PrefabAsset: {fileID: 0}
  m_GameObject: {fileID: 0}
  m_Enabled: 1
  m_EditorHideFlags: 0
  m_Script: {fileID: 11500000, guid: 9af9ea683544b184083cef283557012d, type: 3}
  m_Name: 
  m_EditorClassIdentifier: 
--- !u!4 &7370866636525936408 stripped
Transform:
  m_CorrespondingSourceObject: {fileID: 6106127509108096421, guid: 50be278e32a579c47934a40be20880df, type: 3}
  m_PrefabInstance: {fileID: 3672622520781562557}
  m_PrefabAsset: {fileID: 0}
